@book{Linux_book, place={Upper Saddle River}, edition={3}, title={Linux kernel development}, publisher={Addison-Wesley}, author={Love, Robert}, year={2015}}

@misc{Whataret90:online,
author = {},
title = {What are the first fit, next fit and best fit algorithms for memory management? - Quora},
howpublished = {\url{https://www.quora.com/What-are-the-first-fit-next-fit-and-best-fit-algorithms-for-memory-management}},
month = {},
year = {},
note = {(Accessed on 06/05/2017)}
}

@misc{Programf94:online,
author = {},
title = {Program for Best Fit algorithm in Memory Management - GeeksforGeeks},
howpublished = {\url{http://www.geeksforgeeks.org/program-best-fit-algorithm-memory-management/}},
month = {},
year = {},
note = {(Accessed on 06/05/2017)}
}