@misc{FreeBSDk57:online,
author = {Poul-Henning Kamp},
title = {FreeBSD kernel GEOM code: geom/bde/g\_bde\_crypt.c Source File},
howpublished = {\url{http://www.leidinger.net/freebsd/dox/geom/html/de/de8/g__bde__crypt_8c_source.html}},
month = {},
year = {},
note = {(Accessed on 05/22/2017)}
},

@misc{stuffzcr53:online,
author = {Jonathan Salwan},
title = {stuffz/crypto\_aes.c at master · JonathanSalwan/stuffz},
howpublished = {\url{https://github.com/JonathanSalwan/stuffz/blob/master/lkm_samples/crypto_aes.c}},
month = {},
year = {},
note = {(Accessed on 05/22/2017)}
},

@misc{BlockCip50:online,
author = {The kernel development community},
title = {Block Cipher Algorithm Definitions — The Linux Kernel documentation},
howpublished = {\url{https://www.kernel.org/doc/html/v4.10/crypto/api-skcipher.html#single-block-cipher-api}},
month = {},
year = {},
note = {(Accessed on 05/22/2017)}
},

@misc{ASimpleB97:online,
author = {},
title = {A Simple Block Driver for Linux Kernel 2.6.31 « Superpatterns},
howpublished = {\url{http://blog.superpat.com/2010/05/04/a-simple-block-driver-for-linux-kernel-2-6-31/}},
month = {},
year = {},
note = {(Accessed on 05/22/2017)}
}