%writing1

@misc{AboutPro74:online,
author = {MSDN Microsoft},
title = {About Processes and Threads (Windows)},
howpublished = {\url{https://msdn.microsoft.com/en-us/library/windows/desktop/ms681917(v=vs.85).aspx}},
month = {},
year = {},
note = {(Accessed on 04/25/2017)}
}

@misc{CS3013Op9:online,
author = {Hugh C. Lauer},
title = {CS 3013 Operating Systems, C-term 2008},
howpublished = {\url{https://web.cs.wpi.edu/~cs3013/c08/}},
month = {},
year = {},
note = {(Accessed on 04/26/2017)}
}

@misc{wwwtldpo42:online,
author = {},
title = {www.tldp.org/LDP/tlk/kernel/processes.html},
howpublished = {\url{http://www.tldp.org/LDP/tlk/kernel/processes.html}},
month = {},
year = {},
note = {(Accessed on 04/26/2017)}
}

@misc{Scheduli20:online,
author = {},
title = {Scheduling (computing) - Wikipedia},
howpublished = {\url{https://en.wikipedia.org/wiki/Scheduling_(computing)}},
month = {},
year = {},
note = {(Accessed on 04/28/2017)}
}

@misc{setprior86:online,
author = {},
title = {setpriority(2)},
howpublished = {\url{https://www.freebsd.org/cgi/man.cgi?query=setpriority&sektion=2}},
month = {},
year = {},
note = {(Accessed on 04/29/2017)}
}

@misc{ThreadSc37:online,
author = {},
title = {Thread Scheduling | FreeBSD Process Management | InformIT},
howpublished = {\url{http://www.informit.com/articles/article.aspx?p=366888&seqNum=4}},
month = {},
year = {},
note = {(Accessed on 04/29/2017)}
}

@book{windowsbookpt1,
  Author = {Mark E. Russinovich and David A. Solomon and Alex Ionescu},
  Title = {Windows Internals, Part 1 (Developer Reference)},
  Publisher = {Microsoft Press},
  Year = {2012},
  ISBN = {978-0-73564873-9},
  URL = {https://www.amazon.com/Windows-Internals-Part-Developer-Reference-ebook/dp/B00JDMPHIG?SubscriptionId=0JYN1NVW651KCA56C102&tag=techkie-20&linkCode=xm2&camp=2025&creative=165953&creativeASIN=B00JDMPHIG}
}

@book{freeBsdBook,
  Author = {Marshall Kirk McKusick and George V. Neville-Neil and Robert N.M. Watson},
  Title = {The Design and Implementation of the FreeBSD Operating System},
  Publisher = {Addison-Wesley Professional},
  Year = {2014},
  ISBN = {9780321968975},
  URL = {https://www.amazon.com/Design-Implementation-FreeBSD-Operating-System-ebook/dp/B00O56CFEE?SubscriptionId=0JYN1NVW651KCA56C102&tag=techkie-20&linkCode=xm2&camp=2025&creative=165953&creativeASIN=B00O56CFEE}
}

@book{Linux_book, place={Upper Saddle River}, edition={3}, title={Linux kernel development}, publisher={Addison-Wesley}, author={Love, Robert}, year={2015}}

@misc{Understa77:online,
author = {},
title = {Understanding the Windows I/O System | Microsoft Press Store},
howpublished = {\url{https://www.microsoftpressstore.com/articles/article.aspx?p=2201309&seqNum=3}},
month = {},
year = {},
note = {(Accessed on 05/18/2017)}
}

@misc{WhentoCo44:online,
author = {},
title = {When to Complete an IRP (Windows Drivers)},
howpublished = {\url{https://msdn.microsoft.com/en-us/library/windows/hardware/ff565653(v=vs.85).aspx}},
month = {},
year = {},
note = {(Accessed on 05/18/2017)}
}

@misc{ReusingI59:online,
author = {},
title = {Reusing IRPs (Windows Drivers)},
howpublished = {\url{https://msdn.microsoft.com/en-us/library/windows/hardware/ff561107(v=vs.85).aspx}},
month = {},
year = {},
note = {(Accessed on 05/18/2017)}
}

@book{kong_2012, place={San Francisco}, title={FreeBSD device drivers: a guide for the intrepid}, publisher={No Starch Press}, author={Kong, Joseph}, year={2012}}

@misc{Cryptogr64:online,
author = {},
title = {Cryptographic Provider Types (Windows)},
howpublished = {\url{https://msdn.microsoft.com/en-us/library/windows/desktop/aa380244(v=vs.85).aspx}},
month = {},
year = {},
note = {(Accessed on 05/19/2017)}
}

@misc{Whatisme93:online,
author = {},
title = {What is memory management? - Definition from WhatIs.com},
howpublished = {\url{http://whatis.techtarget.com/definition/memory-management}},
month = {},
year = {},
note = {(Accessed on 06/01/2017)}
}

@misc{25Memory88:online,
author = {},
title = {2.5.Memory Management},
howpublished = {\url{https://www.freebsd.org/doc/en/books/design-44bsd/overview-memory-management.html}},
month = {},
year = {},
note = {(Accessed on 06/01/2017)}
}

@misc{83Genera16:online,
author = {},
title = {8.3.General Architecture and Design},
howpublished = {\url{https://www.freebsd.org/doc/en/books/arch-handbook/smp-design.html}},
month = {},
year = {},
note = {(Accessed on 05/31/2017)}
}

@misc{43Contex5:online,
author = {},
title = {4.3 Context Switching | Process Management in the FreeBSD Operating System | InformIT},
howpublished = {\url{http://www.informit.com/articles/article.aspx?p=2249436&seqNum=3}},
month = {},
year = {},
note = {(Accessed on 05/31/2017)}
}

@misc{Creating88:online,
author = {},
title = {Creating Processes (Windows)},
howpublished = {\url{https://msdn.microsoft.com/en-us/library/windows/desktop/ms682512(v=vs.85).aspx}},
month = {},
year = {},
note = {(Accessed on 06/11/2017)}
}

@misc{LinuxKer69:online,
author = {},
title = {Linux Kernel Crypto API â€” The Linux Kernel 4.7 documentation},
howpublished = {\url{https://kernel.readthedocs.io/en/sphinx-samples/crypto-API.html#code-example-for-symmetric-key-cipher-operation}},
month = {},
year = {},
note = {(Accessed on 06/11/2017)}
}

@misc{mmapcinf8:online,
author = {},
title = {mmap.c in freebsd-head | source code search engine},
howpublished = {\url{https://searchcode.com/codesearch/view/464161/}},
month = {},
year = {},
note = {(Accessed on 06/11/2017)}
}

@misc{windowsD95:online,
author = {},
title = {windows - Device Driver IRQL and Thread/Context Switches - Stack Overflow},
howpublished = {\url{https://stackoverflow.com/questions/2311040/device-driver-irql-and-thread-context-switches}},
month = {},
year = {},
note = {(Accessed on 06/11/2017)}
}
