@book{Linux_book, place={Upper Saddle River}, edition={3}, title={Linux kernel development}, publisher={Addison-Wesley}, author={Love, Robert}, year={2015}}

@book{windowsbookpt1,
  Author = {Mark E. Russinovich and David A. Solomon and Alex Ionescu},
  Title = {Windows Internals, Part 1 (Developer Reference)},
  Publisher = {Microsoft Press},
  Year = {2012},
  ISBN = {978-0-73564873-9},
  URL = {https://www.amazon.com/Windows-Internals-Part-Developer-Reference-ebook/dp/B00JDMPHIG?SubscriptionId=0JYN1NVW651KCA56C102&tag=techkie-20&linkCode=xm2&camp=2025&creative=165953&creativeASIN=B00JDMPHIG}
}

@book{freeBsdBook,
  Author = {Marshall Kirk McKusick and George V. Neville-Neil and Robert N.M. Watson},
  Title = {The Design and Implementation of the FreeBSD Operating System},
  Publisher = {Addison-Wesley Professional},
  Year = {2014},
  ISBN = {9780321968975},
  URL = {https://www.amazon.com/Design-Implementation-FreeBSD-Operating-System-ebook/dp/B00O56CFEE?SubscriptionId=0JYN1NVW651KCA56C102&tag=techkie-20&linkCode=xm2&camp=2025&creative=165953&creativeASIN=B00O56CFEE}
}

@misc{Whatisme93:online,
author = {},
title = {What is memory management? - Definition from WhatIs.com},
howpublished = {\url{http://whatis.techtarget.com/definition/memory-management}},
month = {},
year = {},
note = {(Accessed on 06/01/2017)}
}

@misc{25Memory88:online,
author = {},
title = {2.5.Memory Management},
howpublished = {\url{https://www.freebsd.org/doc/en/books/design-44bsd/overview-memory-management.html}},
month = {},
year = {},
note = {(Accessed on 06/01/2017)}
}